<record><leader>00000cas a22000007a 4500</leader><controlfield tag="001">11794196</controlfield><controlfield tag="008">850312d18851919inudn ne      0    0eng d</controlfield><datafield ind1=" " ind2=" " tag="010"><subfield code="a">sn 85047712 </subfield></datafield><datafield ind1=" " ind2=" " tag="040"><subfield code="a">NPI</subfield><subfield code="b">eng</subfield><subfield code="c">NPI</subfield><subfield code="d">YOX</subfield><subfield code="d">OCLCQ</subfield><subfield code="d">KRTAS</subfield><subfield code="d">P4I</subfield><subfield code="d">OCLCQ</subfield><subfield code="d">OCLCF</subfield><subfield code="d">OCLCO</subfield></datafield><datafield ind1=" " ind2=" " tag="042"><subfield code="a">msc</subfield></datafield><datafield ind1=" " ind2=" " tag="043"><subfield code="a">n-us-in</subfield></datafield><datafield ind1="0" ind2=" " tag="130"><subfield code="a">Evening star (Franklin, Ind.)</subfield></datafield><datafield ind1="1" ind2="4" tag="245"><subfield code="a">The evening star.</subfield></datafield><datafield ind1=" " ind2=" " tag="260"><subfield code="a">Franklin, Ind. :</subfield><subfield code="b">W.W. Aikens &amp; T.E. Needham,</subfield><subfield code="c">-1919.</subfield></datafield><datafield ind1=" " ind2=" " tag="300"><subfield code="a">35 v. :</subfield><subfield code="b">ill. ;</subfield><subfield code="c">33-59 cm.</subfield></datafield><datafield ind1=" " ind2=" " tag="310"><subfield code="a">Daily (except Sunday)</subfield></datafield><datafield ind1="1" ind2=" " tag="362"><subfield code="a">Began with July 12, 1885 issue?</subfield></datafield><datafield ind1="0" ind2=" " tag="362"><subfield code="a">-v. 35, no. 219 (Dec. 31, 1919).</subfield></datafield><datafield ind1=" " ind2=" " tag="500"><subfield code="a">Includes special "Twenty-first anniversary" issue (July 9, 1906).</subfield></datafield><datafield ind1=" " ind2=" " tag="580"><subfield code="a">Also published in a weekly ed. called: The Peoples paper (Franklin, Ind.).</subfield></datafield><datafield ind1=" " ind2=" " tag="588"><subfield code="a">Description based on: Vol. 1, no. 2 (July 13, 1885).</subfield></datafield><datafield ind1=" " ind2="0" tag="651"><subfield code="a">Franklin (Johnson County, Ind.)</subfield><subfield code="x">History.</subfield></datafield><datafield ind1=" " ind2="0" tag="651"><subfield code="a">Johnson County (Ind.)</subfield><subfield code="x">History.</subfield></datafield><datafield ind1=" " ind2="4" tag="651"><subfield code="a">Franklin (Ind.)</subfield><subfield code="v">Newspapers.</subfield></datafield><datafield ind1=" " ind2="7" tag="655"><subfield code="a">History.</subfield><subfield code="2">fast</subfield><subfield code="0">(OCoLC)fst01411628</subfield></datafield><datafield ind1=" " ind2="7" tag="651"><subfield code="a">Indiana</subfield><subfield code="z">Franklin (Johnson County)</subfield><subfield code="2">fast</subfield><subfield code="0">(OCoLC)fst01312873</subfield></datafield><datafield ind1=" " ind2="7" tag="651"><subfield code="a">Indiana</subfield><subfield code="z">Johnson County.</subfield><subfield code="2">fast</subfield><subfield code="0">(OCoLC)fst01205939</subfield></datafield><datafield ind1=" " ind2=" " tag="752"><subfield code="a">United States</subfield><subfield code="b">Indiana</subfield><subfield code="c">Johnson</subfield><subfield code="d">Franklin.</subfield></datafield><datafield ind1="1" ind2=" " tag="775"><subfield code="t">Peoples paper (Franklin, Ind.)</subfield><subfield code="w">(DLC)sn 87056038</subfield></datafield><datafield ind1="0" ind2="0" tag="785"><subfield code="t">Franklin evening star</subfield><subfield code="w">(DLC)sn 85047713</subfield></datafield><datafield ind1=" " ind2=" " tag="938"><subfield code="a">Kirtas Technologies, Inc.</subfield><subfield code="b">KRTS</subfield><subfield code="n">739058</subfield></datafield></record>